<record><leader>00000cas a2200000 a 4500</leader><controlfield tag="001">13103267</controlfield><controlfield tag="008">860204d17941797scudn ne      0    0eng  </controlfield><datafield ind1=" " ind2=" " tag="010"><subfield code="a">sn 86071073 </subfield></datafield><datafield ind1=" " ind2=" " tag="040"><subfield code="a">DLC</subfield><subfield code="b">eng</subfield><subfield code="c">DLC</subfield><subfield code="d">NPX</subfield><subfield code="d">DLC</subfield><subfield code="d">MFN</subfield><subfield code="d">NVF</subfield><subfield code="d">SVN</subfield><subfield code="d">OCL</subfield><subfield code="d">NYS</subfield><subfield code="d">KRTAS</subfield><subfield code="d">OCLCO</subfield><subfield code="d">OCLCQ</subfield><subfield code="d">OCLCF</subfield></datafield><datafield ind1="1" ind2=" " tag="029"><subfield code="a">AU@</subfield><subfield code="b">000020127890</subfield></datafield><datafield ind1=" " ind2=" " tag="042"><subfield code="a">pcc</subfield></datafield><datafield ind1=" " ind2=" " tag="043"><subfield code="a">n-us-sc</subfield></datafield><datafield ind1="0" ind2="0" tag="050"><subfield code="a">Newspaper</subfield></datafield><datafield ind1="0" ind2="4" tag="245"><subfield code="a">The South-Carolina state-gazette, and Timothy &amp; Mason's daily advertiser.</subfield></datafield><datafield ind1="3" ind2="0" tag="246"><subfield code="a">South Carolina state gazette, and Timothy and Mason's daily advertiser</subfield></datafield><datafield ind1="3" ind2="0" tag="246"><subfield code="a">State gazette of South-Carolina</subfield></datafield><datafield ind1=" " ind2=" " tag="260"><subfield code="a">Charleston, S.C. :</subfield><subfield code="b">Timothy &amp; Mason,</subfield><subfield code="c">1794-1797.</subfield></datafield><datafield ind1=" " ind2=" " tag="300"><subfield code="a">v.</subfield></datafield><datafield ind1=" " ind2=" " tag="310"><subfield code="a">Daily (except Sun.)</subfield></datafield><datafield ind1="0" ind2=" " tag="362"><subfield code="a">Vol. 55, no. 4302 (Jan. 1, 1794)-v. 56, no. 5719 (Dec. 30, 1797).</subfield></datafield><datafield ind1=" " ind2=" " tag="500"><subfield code="a">Published as: State gazette of South-Carolina, Jan. 1, 1795.</subfield></datafield><datafield ind1=" " ind2=" " tag="500"><subfield code="a">Sometimes published as: South-Carolina State-gazette, &amp; Timothy &amp; Mason's daily advertiser.</subfield></datafield><datafield ind1=" " ind2=" " tag="500"><subfield code="a">Motto: "The Public will our guide--the Public good our end.</subfield></datafield><datafield ind1=" " ind2="0" tag="651"><subfield code="a">Charleston (S.C.)</subfield><subfield code="v">Newspapers.</subfield></datafield><datafield ind1=" " ind2="0" tag="651"><subfield code="a">Charleston County (S.C.)</subfield><subfield code="v">Newspapers.</subfield></datafield><datafield ind1=" " ind2="7" tag="655"><subfield code="a">Newspapers.</subfield><subfield code="2">fast</subfield><subfield code="0">(OCoLC)fst01423814</subfield></datafield><datafield ind1=" " ind2="7" tag="651"><subfield code="a">South Carolina</subfield><subfield code="z">Charleston.</subfield><subfield code="2">fast</subfield><subfield code="0">(OCoLC)fst01204603</subfield></datafield><datafield ind1=" " ind2="7" tag="651"><subfield code="a">South Carolina</subfield><subfield code="z">Charleston County.</subfield><subfield code="2">fast</subfield><subfield code="0">(OCoLC)fst01210029</subfield></datafield><datafield ind1=" " ind2=" " tag="752"><subfield code="a">United States</subfield><subfield code="b">South Carolina</subfield><subfield code="c">Charleston</subfield><subfield code="d">Charleston.</subfield></datafield><datafield ind1="0" ind2="0" tag="780"><subfield code="t">State gazette of South-Carolina</subfield><subfield code="w">(DLC)sn 84026938</subfield><subfield code="w">(OCoLC)10766927</subfield></datafield><datafield ind1="0" ind2="0" tag="785"><subfield code="t">South-Carolina state gazette, and Timothy's daily advertiser</subfield><subfield code="w">(DLC)sn 84026934</subfield><subfield code="w">(OCoLC)10762188</subfield></datafield><datafield ind1=" " ind2=" " tag="938"><subfield code="a">Kirtas Technologies, Inc.</subfield><subfield code="b">KRTS</subfield><subfield code="n">739532</subfield></datafield></record>